% Use de title of the page html

% A: Instituciones educativas reconocidas, asociaciones especializadas, gubernamentales y autores reconocidos: Artículos científicos, revistas, páginas web y libros.

 @book{A01,
 author  = {Ian Sommerville},
 title   = {Software Engineering},
 year = {2011},
 edition = {9na}
 }
 
 @electronic{A02,
 author  = {Secretaría de salud},
 title   = {Norma Oficial Mexicana NOM-024-SSA3-2012, Sistemas de información de registro electrónico para la salud. Intercambio de información en salud.},
 url    = {http://www.dgis.salud.gob.mx/descargas/pdf/normas/DOF-30NOV12-NOM-024-SSA3-2012.pdf}
 }
 
 @electronic{A03,
 author  = {Dr. Oscar Vera Carrasco},
 title   = {Aspecto éticos y legales en el acto médico},
 url    = {http://www.scielo.org.bo/scielo.php?script=sci_arttext&pid=S1726-89582013000200010}
 }
 
 @electronic{A04,
 author  = {Secretaría de Salud},
 title   = {Norma Oficial Mexicana NOM-004-SSA3-2012, Del expediente clínico},
 url    = {http://dof.gob.mx/nota_detalle_popup.php?codigo=5272787}
 }
 
 @electronic{A05,
 author  = {Secretaría de Salud},
 title   = {Norma Oficial Mexicana NOM-024-SSA3-2012, Sistemas de información de registro electrónico para la salud. Intercambio de información en salud.},
 url    = {http://www.dgis.salud.gob.mx/descargas/pdf/normas/DOF-30NOV12-NOM-024-SSA3-2012.pdf}
 }
 
  
 @electronic{A06,
 author  = {Clínic cloud},
 title   = {Historia clínica dental odontológica},
 url    = {https://clinic-cloud.com/historia-clinica-dental-odontologica/}
 }

  
 @electronic{A07,
 author  = {Universidad Politécnica de Valencia},
 title   = {Proceso de desarrollo de software},
 url    = {http://issi.dsic.upv.es/archives/f-1069167248521/actas.pdf}
 }

  @electronic{A08,
 author  = {Instituo Mexicano del Seguro Social},
 title   = {Guía de historial clínico},
 url    = {http://edumed.imss.gob.mx/pediatria/residentes/guia_hist_clin.pdf}
 }
 
   @electronic{A09,
 author  = {UNIVERSIDAD JUÁREZ DEL ESTADO DE DURANGO},
 title   = {Historial clínico, ejemplos},
 url    = {http://famen.ujed.mx/doc/manual-de-practicas/a-2016/04_Prac_01.pdf}
 }
 
    @electronic{A10,
 author  = {I. CASTROM. GÁMEZ},
 title   = {Historia clínica},
 url    = {https://www.sefh.es/bibliotecavirtual/fhtomo1/cap22.pdf}
 }
 
     @electronic{A11,
 author  = {Lexington Medical},
 title   = {Formulario para historia clínica de un paciente nuevo},
 url    = {https://www.lexingtonrheumatology.com/docs/librariesprovider28/default-document-library/formulario-para-la-historia-clinica-de-un-paciente-nuevo.pdf?sfvrsn=3}
 }
 
 @electronic{A12,
 author  = {Manual operativo unidad móvile de salud},
 title   = {Registros clínicos y administrativos},
 url    = {http://www1.paho.org/col/dmdocuments/registrosclinicosadmin.pdf}
 }
 
 @electronic{A13,
 author  = {SEGOB},
 title   = {Parámetros de Estimación de Vida Util},
 url    = {http://dof.gob.mx/nota_detalle.php?codigo=5264340&fecha=15/08/2012}
 }
 
 
 
% B: Estadísticas de instituciones educativas, artículos no académicos

 @electronic{B08,
 author  = {Red Comus},
 title   = {FUNDAMENTOS DE REDES},
 url    = {https://developer.mozilla.org/es/docs/Web/HTTP/Basics_of_HTTP/Identificaci%C3%B3n_recursos_en_la_Web}
 }

 @electronic{B02,
 author  = {NGINX},
 title   = {Welcome to NGINX Wiki!},
 url    = {https://web.archive.org/web/20190618113658/https://www.nginx.com/resources/wiki/}
 }

 
 @electronic{B03,
 author  = {NGINX},
 title   = {Tested OS and platforms},
 url    = {https://web.archive.org/web/20190611210332/http://nginx.org/en/}
 }
 

% C: Organizaciones y empresas relacionadas con la materia, tema, ámbito, producto o servicio

 @electronic{C01,
 author  = {DENTIDESK},
 title   = {Software Dental},
 url    = {https://www.dentidesk.com}
 }
 
  @electronic{C02,
 author  = {Dentadec},
 title   = {Software administrativo para tu consultorio odontológico},
 url    = {https://dentadec.com/productos/software[2]Softwaredentalink.com}
 }
 
 @electronic{C03,
 author  = {Dentalink Software Denta},
 title   = {Características},
 url    = {https://www.softwaredentalink.com/caracteristicas}
 }

% D: Wikipedia
 @electronic{D01,
 author  = {Wikipedia, La enciclopedia libre},
 title   = {Multipurpose Internet Mail Extensions},
 url    = {https://es.wikipedia.org/wiki/Multipurpose_Internet_Mail_Extensions}
 }



% E: Blogs, wordpress, paginas estáticas

 @electronic{E01,
 author  = {Mercawise},
 title   = {Estudio de mercado sobre servicio de clínicas dentales en México},
 url    = {https://www.mercawise.com/estudios-de-mercado-en-mexico/estudio-de-mercado-sobre-servicio-de-clinicas-dentales-en-mexico}
 }
 
 @electronic{E02,
 author  = {Elempresario.mx},
 title   = {Gran año para consultorios dentales},
 url    = {http://elempresario.mx/actualidad/gran-ano-consultorios-dentales}
 }
 
 @electronic{E03,
 author  = {Cámara Castellón},
 title   = {Clínicas dentales, En base a normativa vigente},
 url    = {http://www.camaracastellon.com/creacion-de-empresas/documentacion/21cdentales.pdf}
 }
 
  @electronic{E04,
 author  = {Psytechsolutions},
 title   = {EMR vs. EHR vs. PHR},
 url    = {https://www.psytechsolutions.net/emr-vs-ehr-vs-phr}
 }
 
   @electronic{E05,
 author  = {Secretaría de Salud},
 title   = {Norma Oficial Mexicana NOM-024-SSA3-2012, Del expediente clínico.},
 url    = {http://dof.gob.mx/nota_detalle_popup.php?codigo=5272787}
 }
 
   @electronic{E06,
 author  = {Software Guru},
 title   = {Estudio de salarios SG 2020.},
 url    = {https://sg.com.mx/estudios/salarios/2020}
 }
 
 


